@Article{straussikeda1990,
author = {David Strauss and Michael Ikeda},
title = {Pseudolikelihood Estimation for Social Networks},
journal = {Journal of the American Statistical Association},
year = {1990}
}

@Article{robbinsmonro1951,
author = {Herbert Robbins, Sutton Monro},
title = {A stochastic Approximation Method},
journal = {The Annals of Mathematical Statistics},
year = {1951}
}

@Article{snijders2002,
author = {Tom A.B. Snijders},
title = {Markov Chain Monte Carlo Estimation of Exponential Random Graph Models},
journal = {Journal of Social Structure},
year = {2002}
}

